@FOOTNOTE{Note1,key="Note1",note="If $\protect \mathcal  {X}$ is a diffusion process with drift $b(x)$ and diffusion coefficient $\sigma (x)$, then $\protect \mathcal  {X}^\star $ has drift $b^\star (x) = b(x) + \nabla _x \protect \qopname  \relax o{ln}p(X_T, x; T - t)$."}
@CONTROL{REVTEX42Control}
@CONTROL{apsrev42Control,author="08",editor="1",pages="0",title="0",year="1"}
